
@book{MerTsayn-NorNakhichevan,  
   title = {},  
    author  =  {{Մեր ձայնը [Our voice]}  },  
  year    = {   1907-1909 },  
     address = { Նոր Նախիջեւան [New Nakhichevan]}, 
url     = {https://tert.nla.am/mamul/Mer dzayn1907/NLA.html}  
}  


@book{Adjarian-1911-DialectologyBook,
	author = {    Աճառեան, Հրաչեայ}  ,
	title = {  Հայ Բարբառագիտութիւն  [{A}rmenian dialectology]},
	year= {1911},
	address = { Մոսկուա-Նոր-Նախիջեւան },
	publisher = {  Լազարեան Ճեմարան Արեւելեան Լեզուաց} 
}


@book{sievers-1901-grundzuge,
  title={Grundz{\"u}ge der {P}honetik: zur {E}inf{\"u}hrung in das {S}tudium der {L}autlehre der indogermanischen {S}prachen},
  author={Sievers, Eduard},
  year={1901},
  url = {https://archive.org/details/grundzgederphon00sievgoog}, 
  publisher={Breitkopf \& H{\"a}rtel}
}
@book{Shroder-1711-TheasauresArmenian,
title = {Thesaurus linguae armenicae} , 
author = {	Schröder, Johann Joachim},
year = {1711},
address = {Amsterdam}
}

@incollection{Schirru-2012-LaryngealFeatureArmenianDialect,
	title={Laryngeal features of {A}rmenian dialects},
	author={Schirru, Giancarlo},
	booktitle={The sound of {I}ndo-{E}uropean: Phonetics, phonemics, and morphophonemics},
	pages={435--457},
	year={2012},
	editor={   Whitehead, Benedicte Nielsen and  Olander, Thomas and Olsen, Birgit and Rasmussen, Jens Elmegard},
	address={ Copenhagen},
	publisher={Museum Tusculanum Press}
}

@book{Cirbied-1823-GrammarArmenian,
title = {Grammaire de langue arménienne}, 
author = { de Cirbied, Jacques Chahan },
year = {1823},
publisher = {Éverat},
address = {Paris}
}

@book{Allahverdian-1884-UlniaZeytun,
title= {Ուլնիա կամ {Զ}էյթուն, լեռնային աւան ի {Կ}իլիկիա: նկարագիր տեղական, կենսական, բանասիրական եւ լեզուաբանական
 [{U}lnia or {Z}eitun, a mountain town in {C}ilicia: {D}escription local, vital, philological and linguistic]},
Author = { Ալլահվէրտեան, Յակոբ},
	year={1884},
	url = {https://books.google.com/books?id=GBUzAAAAMAAJ}, 
	publisher = {Տպագրութիւն Գ. Պաղտատլեան},
	address={  Պօլիս}
}


@book{SayatNovaAdjarian,
title= {Սայեաթ-Նօվայ. լուս գցած աշխատասիրութէնով [{S}ayat-{N}ova]},
Author = { Ախվերդեան, Գէորգեայ},
	year={1852},
	url = {https://www.google.co.uk/books/edition/Sajeath_N\%C3\%B4waj/-bg-AAAAcAAJ}, 
	publisher = { Ի տպարանի Վլատիմիրայ Գստիէ},
	address={  Մոսկվը}
}



@book{Aydnian-1867-GrammarArmenian,
title= {Քերականութիւն աշխարհաբար կամ արդի հայերէն լեզուի [{G}rammar of the {C}ivil or {M}odern  {A}rmenian language]},
Author = { Այտընեան, Արսէն},
	year={1867},
	publisher = { Մխիթարեանց տպարան },
	address={  Վիէննա}
}





@incollection{Petermann-1867-Agulis,
  address    = {Berlin},
  author     = {Petermann, H.},
  booktitle  = {Monatsberichte der Königlich Preussischen Akademie der Wissenschaften zu Berlin: Sitzung der philosophisch-historischen Klasse vom 26 Nov. 1866},
  pages      = {727-741},
  publisher  = {Akademie der Wissenschaften},
  title      = {Über den armenischen {D}ialect von {A}gulis nach einer {M}ittheilung des {H}errn v. {P}atkanoff ({P}atkanean)},
  year       = {1867}
}
    

@book{Antranik-1900-Dersim,
title = {Տէրսիմ Ճանապարհորդութիւն եւ Տեղագրութիւն [{D}ersim: {T}ravels and topography]},
author = { Անդրանիկ },
address = { Թիֆլիս}, 
publisher = { Թիֆլիսի Հայոց Հրատարակչական Ընկերութիւն },
year = { 1900}
}

@book{Sargiants-1883-Agulis,
title = {Ագուլեցոց բարբառը.  Զօկերի լեզուն, լեզվաբանական հետազոտութիւն [{T}he dialect of {A}gulis: {T}he {Z}ok language, a linguistic study]},
author = { Սարգիս Սարգսեանց},
address = { Մոսկվա}, 
publisher = { Գերբեկի տպարան},
year = { 1883}
}

@book{gilanentz-1959-chronicle,
  title={The chronicle of {Petros di Sarkis Gilanentz} concerning the {A}fghan invasion of {P}ersia in 1722, the siege of {I}sfahan and the repercussions in northern {Persia, Russia and Turkey}},
  author={Gilanentz, Petros di Sarkis},
  note= {  Translated by Caro Owen Minasian} ,
  address = {  Lisbon} , 
  publisher=  {   Imprensa Nacional},
  year={1959}, 
  url = {https://archive.org/details/chroniclepetrosdisarkisgilanentz/mode/2up}
}


@book{KrunkHayotsAshkharin,  
   title = {},  
    author  =  {{Կռունկ հայոց աշխարհին  [{C}rane to the {A}rmenian world]}  },  
  year    = {1860-1863},  
  address = { Թիֆլիս [Tbilisi]}, 
  url     = {http://tert.nla.am/mamul/Krunkhayocashxarhi/Table.html}
}  
@book{LraberAstrakhan,  
   title = {},  
    author  =  {{Լրաբեր  [{M}essenger]}  },  
  year    = {1908-1909},  
  address = { Աստրախան [Astrakhan]}, 
  url     = {http://tert.nla.am/mamul/lraber-1908/NASLib.html}
}  


@book{LraberNewJulfa, 
   title = {},  
    author  =  {{Լրաբեր  [{M}essenger]}  },  
  year    = {1904-1908},  
  address = { Նոր Ջուղա [New Julfa]} , 
  url     = {http://tert.nla.am/mamul/nor\%20jughayi\%20lraber/NLA.html }
}  


@book{AzgagrakanHandes,  
   title = {},  
    author  =  {{Ազգագրական Հանդէս [{E}thnographic {M}agazine]}  },  
  year    = {1895-1916}, 
  address = { Թիֆլիս [Tbilisi]}, 
  url     = {https://www.flib.sci.am/journal/ethno/Main.html}
}  
@inproceedings{Mserianz-1899-Mush,
title = {Notice sur la phonétique du dialecte arménien de {M}ouch},
year=  { 1899},
author = {  Lévon Msériantz}, 
booktitle = { Actes du onzième Congrès international des orientalistes, Paris 1897},
 volume ={ 1 } ,
  pages = {299-316 },
  url = {https://books.google.com/books?id=dw5BAQAAMAAJ}
}

@book{Gabrielian-1912-Akn,
  address       = {Վիեննա},
  author        = {Գապրիէլիան, Մ. Ս.},
  publisher     = {Մխիթարեան Տպարան},
  title         = {Ակնայ գաւառաբարբառը [{T}he {A}kn dialect]},
  year          = {1912}
}

@book{Janigian-1895-Akn,
title = {Հնութիւնք {Ա}կնայ [{A}ntigiques of {A}kn]}, 
author = {Ճանիկեան, Յովսէփ Կ. },
publisher = {Տպարան  Մ.Դ. Ռօտինեանցի },
address = {Թիֆլիս},
year = { 1895},
url = {https://books.google.com/books?id=VScOAAAAIAAJ }
}

@incollection{Adjarian-1899-ArmenianExplosives,
  title={Les explosives de l'ancien arménien étudiées dans les dialectes modernes},
  author={Adjarian, Hratchia},
  year={1899},
address = {Paris},
booktitle = {La Parole ou Revue internationale de Rhinologie, Otologie, Laryngologie et Phonétique expérimentale  },
pages = { 119-127},
}

@book{DerGhazarian-DictionaryBorrowed,
title = {Հանրամատչելի բառարան օտարազգի բառերի եւ գործածութեան մէջ մտած մտքերի ու դարձւածքների [{A} popular dictionary of foreign words and common phrases and expressions]}, 
author = {Ա. Տէր-Ղազարեան},
publisher = {ԷՊՕԽԱ},
address = { Թիֆլիս} , 
year = {1908}
}

@book{Davtyan-1966-KarabakhDialectMap,
	title={Լեռնային Ղարաբաղի բարբառային քարտեզը  [{D}ialectal map of {M}ountainous  {K}arabakh]},
	author={Դավթյան , Կարո Ստեփանի}  ,
	year={1966},
	publisher={ Հայկական ՍՍՀ Գիտությունների Ակադեմիայի Հրատարակչություն  },
	address ={ Երևան}   
}  


@book{Adjarian-1902-TUrkishWordsArmenian,
  title={Թուրքերէնէ փոխառեալ բառերը {Պ}օլսի հայ ժողովրդական լեզուին մէջ համեմատութեամբ {Վ}անի, {Ղ}արաբաղի եւ {Ն}որ-{Ն}ախիջեւանի բարբառներուն [{T}urkish loanwords in the colloquial language of {I}stanbul {A}rmenians, in comparison with the dialects of {V}an, {K}arabagh, and {N}ew {N}akhichevan]  },
  author={   Աճառեան,  {Հրաչեայ}  },
  address = {{Մոսկուա-Վաղարշապատ}},
publisher = {  Լազարեան Ճեմարան Արեւելեան Լեզուաց} ,
series = {   Էմինեան ազգագրական ժողովածու },
  volume={3},
  year={1902}
}

 

@book{DumTragut-2009-ArmenianReferenceGrammar,
	title={Armenian: {M}odern {E}astern {A}rmenian},
	author={Dum-Tragut, Jasmine},
	number={14},
	series = {London Oriental and African Language Library},
	year={2009},
	doi={10.1075/loall.14},
	publisher={John Benjamins Publishing Company},
	address={Amsterdam/Philadelphia}
}
@article{Dolatian-prep-Definite,
	title={An apparent case of outwardly-sensitive allomorphy in the {A}rmenian definite 
	},
	author={ Hossep Dolatian },
	year={2022},
doi = {10.16995/glossa.6406},
volume = {7} , 
number = {1}, 
	journal={Glossa: A journal of general linguistics}
}

@book{Adjarian-1901-Kharabagh,
  title={Քննություն Ղարաբաղի բարբառի [{S}tudy of the dialect of {K}arabakh]   },
  author={   Աճառեան,  {Հրաչեայ}  },
  address = {Վաղարշապատ}, 
  publisher = {Տպարան Մայր Աթոռաց Ս Էջմիածնի}, 
  year={1901}
}
@book{Sargsyan-2013-KarabakhDictionary,
title  = { Ղարաբաղի բարբառի բառարան}, 
author = {Սարգսյան, Արմեն Յուրիի }, 
address = {Երևան},
publisher = {Էդիթ Պրինտ},
year = {2013}
}
@article{adjarian-1901-lautlehreVan,
  title={Lautlehre des {V}an-{D}ialekts},
  author={Adjarian, H},
  journal={Zeitschrift f{\"u}r armenische Philologie},
  volume={1},
  url = {https://archive.org/details/zeitschriftfrar00unkngoog/},
  pages={74–86, 121–138.},
  year={1901}
}

@book{manana,  
   title =  {Մանանայ  [{M}anna]  },  
    author  = {Գարեգին   Սրուանձտեան },
  year    = {1876},  
  address = {Պօլիս}, 
  publisher= {Տպագրութիւն Ե. Մ. Տնտեսեան}, 
  url     = {https://digilib.aua.am/book/473/496/9656/Մանանայ}
}  

@book{Adjarian-1979-Etymology,
	title={ Հայերէն արմատական բառարան  [{A}rmenian etymological dictionary]},
	author={Աճառյան, Հրաչյա   },
	year={1971},
	publisher={ Երեվանի  Համալսարանի Հրատարչություն},
	address = {  Երևան}
} 


@book{Adjarian-1909-ClassificationArmenianDialect,
	title={Classification des dialectes arm{é}niens},
	author={Adjarian, Hrachia},
	year={1909},
	publisher={   Librairie Honoré Champion},
	address={Paris},
url = {https://archive.org/details/bibliothquedel173ecol/page/n7/mode/2up}, 
	
}
@book{khatabala,  
   title = {},  
    author  =  {{Խաթաբալայ  [{K}hatabala]}  },  
  year    = {1906-1916, 1922, 1925, 1926},  
  address = {Թիֆլիս [Tbilisi]}, 
  url     = {http://tert.nla.am/mamul/xatabala-1906/NASLib.html}
}  


@book{hayeliTiflis,  
   title = {},  
    author  =  {{Հայելի  [{M}irror]}  },  
  year    = {1906-1907},  
  address = {Թիֆլիս [Tbilisi]}, 
  url     = {http://tert.nla.am/mamul/Haeli1/Table.html}
}  

@book{ArevelyanMamul,  
   title = {},  
    author  =  {{Արեւելեան մամուլ  [{E}astern Press]}  },  
  year    = {1882-1908},  
  address = {Զմիւռնիա [Smyrna/Izmir]}, 
  url     = {https://tert.nla.am/mamul/Arevelean_mamul_1/Table.html}
}  
@book{Byurakn,  
   title = {},  
    author  =  {{Բիւրակն  [{B}yurakn]}  },  
  year    = {1882-1908},  
  address = {Պօլիս [Istanbul]}, 
  url     = {http://tert.nla.am/mamul/Byurakn/Table.html}
}  
@book{HandesAmsorya,  
   title = {},  
    author  =  {{Հանդէս Ամսօրեա  [Monthly Review]}  },  
  year    = {1887-present},  
 url     = {http://tert.nla.am/mamul/Handesamsorya/Table.html}
}  

@book{KazandjianBook,
title = {Եւդոկիոյ հայոց գաւառաբարբառը [{T}he provinceal dialect of the {A}rmenians of {E}vdokia]}, 
author = {Գազանճեան, Յովհաննէս},
address = {Վիեննա}, 
year = {1899},
publisher = {Մխիթարեան տպարան}, 
url = {https://eap.bl.uk/archive-file/EAP180-1-3-306}
}

@book{Kosian-smyrna,
author = { Յակոբ Քօսեան},
title = { Հայք ի {Զ}միւռնիա եւ ի շրջակայս [{A}rmenians in {S}myrna and its surroundings]},
year= { 1899},
address = {  Վիեննա} ,
url = {http://serials.flib.sci.am/openreader/Zmyur_1899/book/content.html}, 
publisher = { Մխիթարեան տպարան}
}

@incollection{donabedian-2001-tabouLinguisticArmenianOccidentalGorProgressive,
	title={Tabou linguistique en arm{é}nien occidental: `gor' progressif est-il `turc’?},
	author={Donabédian, Anaïd},
	booktitle={Langues de diaspora, languages en contact. Faits de langue 18},
	publisher={Ophrys},
	address={Paris},
	editor={Donabédian, Anaïd},
	pages={201--210},
	year={2001}
}


@book{Eminian,  
   title = {},  
    author  =  {{էմինեան ազգագրական ժողովածու  [{E}minian {E}thnographic {J}ournal}  },  
  year    = {1901-1913},
  address = {Մոսկվա [Moscow]}, 
  url     = {https://www.flib.sci.am/journal/eminian/Main.html}
}  
@book{DavitBekArabgir,  
   title = {Արաբկիրի գաւառաբարբառը [{T}he provincial dialect of {A}rabgir]},  
    author  =  {Դաւիթ-Բէկ, Մէլիք Ս․},  
  year    = {1901-1913},
  url     = {https://www.flib.sci.am/journal/eminian/Main.html}
}  

 

@book{Boyacioglu-2010-HayPayVerbsArmenianOccidentalWestArmenian,
	title={ Hay-{P}ay: Les Verbs de l'arménien occidental},
	author={Boyacioglu, Nisan},
	year={2010},
	publisher={  L'Asiatheque},
	address={ Paris}
}


@book{Karst-1901-MiddleArmenain,
	title={  Historische {G}rammatik des {K}ilikisch-{A}rmenischen [{G}rammar of
	{C}ilician {A}rmenian] },
	author={Karst, Josef},
	year={1901},
	publisher={Verlag von Karl Tr\"{u}bner}, 
	address = {Strassburg}
}  


@unpublished{DolatianEtAl-prep-IranianGrammar,
	title={Grammar of {I}ranian {A}rmenian: {P}arskahayeren or {I}ranahayeren},
	author={Hossep Dolatian and Afsheen Sharifzadeh and Bert Vaux },
	note={Ms. Stony Brook University},
	year={in review}
}


@book{Adjarian-1952-Liakatar4Book1AdjNumeral,
	title={ Լիակատար քերականություն Հայոց լեզվի  [{C}omplete Grammar of the {A}rmenian Language]},
	author={  Աճառյան ,  Հրաչյա}  ,
	volume={1},
	year={1952},
	publisher={ Հայկական ՍՍՀ Գիտությունների Ակադեմիա Հրատարակչություն}  ,
	address ={ Երևան}   
 }

@book{Bazmaveb,  
   title = {},  
    author  =  {{Բազմավէպ [Bazmavep]}  },  
  year    = {1843-present},  
  address = { Վենետիկ [Venice]}, 
  url     = {http://tert.nla.am/mamul/Bazmavep/Table.html}
}  

@book{Luys-NorNakhichevan,  
   title = {},  
    author  =  {{Լոյս [Light]}  },  
  year    = {   1910-1914},  
     address = { Նոր Նախիջեւան [New Nakhichevan]}, 
url     = {https://tert.nla.am/mamul/luys-1910/NLA/List.html}
}  


@book{NorGyank-NorNakhichevan,  
   title = {},  
    author  =  {{Նոր կեանք   [New life]}  },  
  year    = {   1907 },  
     address = { Նոր Նախիջեւան [New Nakhichevan]}, 
url     = {https://etchmiadzinlibrary.am/images/Magazin/Norr kyanq.html} } 



@book{Thomson-1989-IntroClassicalArmenian,
	title={An introduction to {C}lassical {A}rmenian},
	author={Thomson, Robert W},
	year={1989},
	publisher={Caravan Books},
	address={Delmar, NY}
} 
@book{Godel-1975-IntroClassicalArmenian,
	title={An introduction to the study of {C}lassical {A}rmenian},
	author={Godel, Robert},
	year={1975},
	publisher={Reichert Wiesbaden},
	address={Wiesbaden}
}

@incollection{Macak-2017-PhonoClassicalArmenian,
	Title = {The phonology of {C}lassical {A}rmenian},
	author ={Macak, Martin Jakub},
	pages = {1037-1079},
	doi={10.1515/9783110523874-016},
	booktitle={Handbook of Comparative and Historical Indo-European Linguistics},
	crossref={KleinJosephFritz-2017-HandbookComparativeHistoricalIndoEuropeanLinguistics}
	
}


@book{KleinJosephFritz-2017-HandbookComparativeHistoricalIndoEuropeanLinguistics,
	title={Handbook of Comparative and Historical {I}ndo-{E}uropean Linguistics},
	editor={Klein, Jared S and Joseph, Brian D and Fritz, Matthias},
	year={2017},
	address={Berlin/Boston},
	publisher={Walter de Gruyter }
}

@book{Grammont-Saussure,
title = {Mélanges de linguistique offerts à M. {F}erdinand de {S}aussure },
address = {    Paris },
publisher = {Champion }, 
year = {1908},
author = {Grammont, Maurice}
}

@article{Adjarian-Aslanbeg,
author = { Աճառեան, Հրաչեայ Յ.}, 
title = { Քննութիւն {Ա}սլանբէգի բարբառին [{S}tudy of the {A}slanbeg dialect]},
journal = {Բազմավէպ},
url = {https://arar.sci.am/dlibra/publication/164854/edition/149934
},
year = { 1898},
volume = {56},
number = {1}, 
pages = {31-35}

}
 

@book{Finck-1907-SpracheRomani,
  title={Die {S}prache der {a}rmenischen {Z}igeuner},
  author={Finck, Franz Nikolaus},
  year={1907},
  publisher={Acad. Imp{\'e}riale des Sciences},
  address = { St. Petersburg}
}


