
@incollection{Vaux-2008-ArmenianZok,
	title={Zok: The {A}rmenian dialect of {A}gulis},
	author={Vaux, Bert},
	booktitle={In between Paris and Fresno: {A}rmenian Studies in Honor of Dickran Kouymjian},
	pages={283--301},
	year={2008},
	editor={Barlow Der Mugrdichian },
	address={ Costa Mesa, CA},
	publisher={ Mazda Press}
}

@book{DumTragut-2009-ArmenianReferenceGrammar,
	title={Armenian: {M}odern {E}astern {A}rmenian},
	author={Dum-Tragut, Jasmine},
	number={14},
	series = {London Oriental and African Language Library},
	year={2009},
	doi={10.1075/loall.14},
	publisher={John Benjamins Publishing Company},
	address={Amsterdam/Philadelphia}
}
@article{Manoukian-2022-LiteraryTranslationExpansionOttomanArmenian,
 title={Literary Translation and the Expansion of the {O}ttoman {A}rmenian Reading Public, 1853--1884},
 author={Manoukian, Jennifer},
 journal={Book History},
 volume={25},
 number={1},
doi = {10.1353/bh.2022.0007},
 pages={128--171},
 year={2022},
 publisher={Johns Hopkins University Press}
}


@article{Kim-2021-phoneticsPhonologyOldArmenianWV,
  title={The Phonetics and Phonology of {O}ld {A}rmenian <{V}>, <{W}>, and Prevocalic <OW>},
  author={Kim, Ronald I},
  journal={Transactions of the Philological Society},
  volume={119},
  number={3},
  pages={371--392},
  year={2021},
doi = {10.1111/1467-968X.12224},
  publisher={Wiley Online Library}
}

@book{Patkanian-1869-RussianDialects,
title = {Исследование о диалектах армянского языка: Филологический опыт [{A} study on Dialects of the {A}rmenian Language: Philological Experience]},
author = { Патканов, Керопэ Петрович} ,
address = {Санкт-Петербург [Saint Petersburg]},
publisher = { Тип. Имп. Акад. наук},
year = { 1869}
}

@book{Patkanian-1875-RussianDialects,
	title = {Материалы для изучения армянских наречий [{M}aterials for the study of {A}rmenian dialects]},
	author = { Патканов, Керопэ Петрович} ,
	address = {Санктпетербур [Saint Petersburg]},
	publisher = { Тип. Имп. Акад. наук},
	year = { 1875}
}

@book{Patkanoff-1866-Agulis,
	author = { Patkanoff, K.},
	title = { Über den armenischen {D}ialekts von {A}gulis},
	address = {Berlin},
	year = {1866}
}
@book{Mseriants-1897-Part1,
	title={Этюды по армянской диалектологии. Ч. 1: Сравнительная фонетика мушского диалекта в связи с фонетикою грабара [{E}tudes on {A}rmenian Dialectology. {P}art 1: {C}omparative phonetics of the {M}ush dialect in connection with the phonetics of the {G}rabar]},
	author={Мсерианц, Левон Зармайрович},
	year={1897},
	address = {Москва [Moscow]},
	publisher={Университет. тип.}
}
@book{Mseriants-1901-Part2,
	title={Этюды по армянской диалектологии. Ч. 2: Сравнительная морфология мушского диалекта в связи с морфологией грабара и среднеармянского [{E}tudes on {A}rmenian Dialectology. {P}art 2: {C}omparative morphology of the {M}ush dialect in connection with the morphology of {G}rabar and {M}iddle {A}rmenian]},
	author={Мсерианц, Левон Зармайрович},
	year={1901},
	address = {Москва [Moscow]},
	publisher={Университет. тип.}
}


@article{Petermann-1867-Tiflis,
	author = {Petermann, Heinrich Julius},
	journal = {Abhandlungen der Königlichen Akademie der Wissenschaften zu Berlin, Philosophisch: Historische Klasse},
	volume = {1866},
		number = {1},
	pages = {57-87},
	title = {Über den {D}ialect der {A}rmenier von {T}iflis},
	url = {https://upload.wikimedia.org/wikipedia/commons/7/7f/Abhandlungen_der_K%C3%B6niglichen_Akademie_der_Wissenschaften_in_Berlin_%28IA_abhandlungenderk1866deut%29.	}, 
	year = {1867}
}

@incollection{Petermann-1867-Agulis,
 address = {Berlin},
 author = {Petermann, H.},
 booktitle = {Monatsberichte der Königlich Preussischen Akademie der Wissenschaften zu Berlin: Sitzung der philosophisch-historischen Klasse vom 26 Nov. 1866},
 pages = {727-741},
 publisher = {Akademie der Wissenschaften},
 title = {Über den armenischen {D}ialect von {A}gulis nach einer {M}ittheilung des {H}errn v. {P}atkanoff ({P}atkanean)},
 year = {1867}
}
 
@article{Martirosyan-2019-ArmenianDialectsBigVersionRussianJournal,
	title={The {A}rmenian dialects: Archaisms and innovations; description of individual dialects},
	author={Hrach Martirosyan}, 
	journal={Bulletin of Armenian Studies / Армянский гуманитарный вестник},
	volume={5},
	pages={164-258},
	year={2019}
}

@book{GreppinKhachaturian-1986-HandbookArmenianDialectology,
	title={Handbook of {A}rmenian Dialectology},
	author={Greppin, John A. C. and Khachaturian, Amalya A. },
	year={1986},
	publisher={Caravan Books},
	address={Delmar, NY} 
}
@book{Jahukyan-1972-ArmenianDiaolectology,
 title={ \zzzzzzzz{Հայ բարբառագիտության ներածություն} [{I}ntroduction to {A}rmenian dialectology] },
 author={ \zzzzzzzz{Ջահուկյան} , \zzzzzzzz{Գևորգ Բեգլարի}} ,
 year={1972},
	publisher={ \zzzzzzzz{ՀՀ ԳԱԱ Հրաչյա Աճառյանի անվան լեզվի ինստիտուտ} }
}
@mastersthesis{Toparlak-2019-MAArmenianPhonetics,
	title={ Etudes phonétiques en arménien},
	author={Toparlak, Tabita},
	year={2019},
	school={Université Paris 3 - Sorbonne Nouvelle}
}
@phdthesis{Hammalian-1984-PhonoOldArmenian,
	title={A generative phonology of {O}ld {A}rmenian},
	author={Hammalian, Stephen John},
	year={1984},
	school={New York University},
	address = {New York City}
}

@misc{Tahtadjian-2020-WesterArmenianRhoticDifferentialPhoneticStudy,
	title={{W}estern {A}rmenian rhotics: A differential phonetic study},
	author={ Tahtadjian, Talia},
	year={2020},
	note={Bachelor's thesis, Carleton University, Ottawa, Ontario},
	school={Carleton University}, 
	type={Bachelor's Thesis},
	address={Ottawa, Ontario}
}


@book{Vaux-1998-ArmenianPhono,
	title={The phonology of {A}rmenian},
	author={Vaux, Bert},
	year={1998},
	publisher={ Clarendon Press},
	address={Oxford} 
}
@misc{Seyfarth-JIPAArmenian,
author = { Scott Seyfarth and Hossep Dolatian and Peter Guekguezian and Niamh Kelly and Tabita Toparlak},
title = {Armenian ({Y}erevan {E}astern and {B}eirut {W}estern varieties)},
year = {review}
}
@article{DeLisi-2018-ArmenianProsodyDiachrony,
	title={Armenian prosody in typology and diachrony},
	author={DeLisi, Jessica L.},
	journal={Language Dynamics and Change},
	volume={8},
	number={1},
	doi = {10.1163/22105832-00801005},
	pages={108-133},
	year={2018},
	publisher={Brill}
}

@inproceedings{Schwink-1994-ArmenianSchwaLexicalized,
	title={On the lexicalization of OF {C}lassical {A}rmenian vowel epenthesis },
	author={Schwink, Frederick W},
	booktitle={{NSL}: Linguistic Studies in the Non-{S}lavic Languages of the Commonwealth of Independent States and the {B}altic Republics},
	volume={7},
	pages={287},
	year={1994},
	publisher={Chicago Linguistic Society, The University of Chicago}
}

@article{Pierce-2007-SchwaClassicalArmenian,
	title={Vowel Epenthesis vs. Schwa Lexicalization in {C}lassical {A}rmenian},
	author={Pierce, Mark},
	journal={Journal of {I}ndo-{E}uropean Studies},
	volume={35},
	number={1/2},
	pages={111-119},
	year={2007},
}


@article{Parnassian-1985-FormationAshkharabar,
title = {On the Formation of {A}shkharhabar},
author = {Parnassian, Nevard A. }, 
year = {1985},
pages = {67-73},
volume = {6}, 
	journal={Annual of {A}rmenian linguistics}
}
@mastersthesis{Tahtadjian-2021-PhoneticInterferenceProductionStopsWesternArmenianBilingual,
	title={Phonetic Interference in the Production of Stops by {W}estern {A}rmenian Bilinguals},
	author={Tahtadjian, Talia Lisa },
	school={University of Toronto },
	year={2021}
}
@incollection{Vaux-1995-ArmenianVerbDiachrony,
	title={A problem in diachronic {A}rmenian verbal morphology},
	author={Vaux, Bert},
	booktitle={New Approaches to Medieval {A}rmenian Language and Literature},
	pages={135-148},
	editor={Jos Weitenberg},
	address={Amsterdam},
	publisher={ Rodopi },
	year={1995}
}
 
@incollection{SayeedVaux-2017-EvolutionArmenian,
	Title = {The evolution of {A}rmenian}, 
	author ={Sayeed, Ollie and Vaux, Bert},
	pages = {1146-1167},
	booktitle={Handbook of Comparative and Historical Indo-European Linguistics},
	crossref={KleinJosephFritz-2017-HandbookComparativeHistoricalIndoEuropeanLinguistics}
	
}

@incollection{Vaux-2012-ArmenianSmyrna,
	title={The {A}rmenian dialect of {S}myrna},
	author={Vaux, Bert},
	booktitle={Armenian Smyrna/Izmir: The Aegean Communities},
	pages={111--126},
	editor={ Richard Hovannisian },
	address={Costa Mesa, CA},
	publisher={ Mazda Publishers},
	year={2012}
}

@book{MerTsayn-NorNakhichevan, 
 title = {}, 
 author = {{\zzzzzzzz{Մեր ձայնը} [Our voice]} }, 
 year = { 1907-1909 }, 
 address = { \zzzzzzzz{Նոր Նախիջեւան} [New Nakhichevan]}, 
url = {https://tert.nla.am/mamul/Mer dzayn1907/NLA.html} 
} 


@book{sievers-1901-grundzuge,
 title={Grundz{\"u}ge der {P}honetik: zur {E}inf{\"u}hrung in das {S}tudium der {L}autlehre der indogermanischen {S}prachen},
 author={Sievers, Eduard},
 year={1901},
 url = {https://archive.org/details/grundzgederphon00sievgoog}, 
 publisher={Breitkopf \& H{\"a}rtel}
}
@book{Shroder-1711-TheasauresArmenian,
title = {Thesaurus linguae armenicae} , 
author = {	Schröder, Johann Joachim},
year = {1711},
address = {Amsterdam}
}

@incollection{Schirru-2012-LaryngealFeatureArmenianDialect,
	title={Laryngeal features of {A}rmenian dialects},
	author={Schirru, Giancarlo},
	booktitle={The sound of {I}ndo-{E}uropean: Phonetics, phonemics, and morphophonemics},
	pages={435--457},
	year={2012},
	editor={ Whitehead, Benedicte Nielsen and Olander, Thomas and Olsen, Birgit and Rasmussen, Jens Elmegard},
	address={ Copenhagen},
	publisher={Museum Tusculanum Press}
}

@book{Cirbied-1823-GrammarArmenian,
title = {Grammaire de langue arménienne}, 
author = { de Cirbied, Jacques Chahan },
year = {1823},
publisher = {Éverat},
address = {Paris}
}

@book{Allahverdian-1884-UlniaZeytun,
title= {\zzzzzzzz{Ուլնիա կամ {Զ}էյթուն, լեռնային աւան ի {Կ}իլիկիա: նկարագիր տեղական, կենսական, բանասիրական եւ լեզուաբանական}
 [{U}lnia or {Z}eitun, a mountain town in {C}ilicia: {D}escription local, vital, philological and linguistic]},
Author = { \zzzzzzzz{Ալլահվէրտեան, Յակոբ}},
	year={1884},
	url = {https://books.google.com/books?id=GBUzAAAAMAAJ}, 
	publisher = {\zzzzzzzz{Տպագրութիւն Գ. Պաղտատլեան}},
	address={ \zzzzzzzz{Պօլիս}}
}


@book{SayatNovaAdjarian,
title= {\zzzzzzzz{Սայեաթ-Նօվայ. լուս գցած աշխատասիրութէնով} [{S}ayat-{N}ova]},
Author = { \zzzzzzzz{Ախվերդեան, Գէորգեայ}},
	year={1852},
	url = {https://www.google.co.uk/books/edition/Sajeath_N\%C3\%B4waj/-bg-AAAAcAAJ}, 
	publisher = { \zzzzzzzz{Ի տպարանի Վլատիմիրայ Գստիէ}},
	address={ \zzzzzzzz{Մոսկվը}}
}



@book{Aydnian-1867-GrammarArmenian,
title= {\zzzzzzzz{Քերականութիւն աշխարհաբար կամ արդի հայերէն լեզուի} [{G}rammar of the {C}ivil or {M}odern {A}rmenian language]},
Author = { \zzzzzzzz{Այտընեան, Արսէն}},
	year={1867},
	publisher = { \zzzzzzzz{Մխիթարեանց տպարան} },
	address={ \zzzzzzzz{Վիէննա}}
}





@incollection{Petermann-1867-Agulis,
 address = {Berlin},
 author = {Petermann, H.},
 booktitle = {Monatsberichte der Königlich Preussischen Akademie der Wissenschaften zu Berlin: Sitzung der philosophisch-historischen Klasse vom 26 Nov. 1866},
 pages = {727-741},
 publisher = {Akademie der Wissenschaften},
 title = {Über den armenischen {D}ialect von {A}gulis nach einer {M}ittheilung des {H}errn v. {P}atkanoff ({P}atkanean)},
 year = {1867}
}
 

@book{Antranik-1900-Dersim,
title = {\zzzzzzzz{Տէրսիմ Ճանապարհորդութիւն եւ Տեղագրութիւն} [{D}ersim: {T}ravels and topography]},
author = { \zzzzzzzz{Անդրանիկ} },
address = { \zzzzzzzz{Թիֆլիս}}, 
publisher = { \zzzzzzzz{Թիֆլիսի Հայոց Հրատարակչական Ընկերութիւն} },
year = { 1900}
}

@book{Sargiants-1883-Agulis,
title = {\zzzzzzzz{Ագուլեցոց բարբառը. Զօկերի լեզուն, լեզվաբանական հետազոտութիւն} [{T}he dialect of {A}gulis: {T}he {Z}ok language, a linguistic study]},
author = { \zzzzzzzz{Սարգիս Սարգսեանց}},
address = { \zzzzzzzz{Մոսկվա}}, 
publisher = { \zzzzzzzz{Գերբեկի տպարան}},
year = { 1883}
}

@book{gilanentz-1959-chronicle,
 title={The chronicle of {Petros di Sarkis Gilanentz} concerning the {A}fghan invasion of {P}ersia in 1722, the siege of {I}sfahan and the repercussions in northern {Persia, Russia and Turkey}},
 author={Gilanentz, Petros di Sarkis},
 note= { Translated by Caro Owen Minasian} ,
 address = { Lisbon} , 
 publisher= { Imprensa Nacional},
 year={1959}, 
 url = {https://archive.org/details/chroniclepetrosdisarkisgilanentz/mode/2up}
}


@book{KrunkHayotsAshkharin, 
 title = {}, 
 author = {{\zzzzzzzz{Կռունկ հայոց աշխարհին} [{C}rane to the {A}rmenian world]} }, 
 year = {1860-1863}, 
 address = { \zzzzzzzz{Թիֆլիս} [Tbilisi]}, 
 url = {http://tert.nla.am/mamul/Krunkhayocashxarhi/Table.html}
} 
@book{LraberAstrakhan, 
 title = {}, 
 author = {{\zzzzzzzz{Լրաբեր} [{M}essenger]} }, 
 year = {1908-1909}, 
 address = { \zzzzzzzz{Աստրախան} [Astrakhan]}, 
 url = {http://tert.nla.am/mamul/lraber-1908/NASLib.html}
} 


@book{LraberNewJulfa, 
 title = {}, 
 author = {{\zzzzzzzz{Լրաբեր} [{M}essenger]} }, 
 year = {1904-1908}, 
 address = { \zzzzzzzz{Նոր Ջուղա} [New Julfa]} , 
 url = {http://tert.nla.am/mamul/nor\%20jughayi\%20lraber/NLA.html }
} 


@book{AzgagrakanHandes, 
 title = {}, 
 author = {{\zzzzzzzz{Ազգագրական Հանդէս} [{E}thnographic {M}agazine]} }, 
 year = {1895-1916}, 
 address = { \zzzzzzzz{Թիֆլիս} [Tbilisi]}, 
 url = {https://www.flib.sci.am/journal/ethno/Main.html}
} 


@inproceedings{Mserianz-1899-Mush,
title = {Notice sur la phonétique du dialecte arménien de {M}ouch},
year= { 1899},
author = { Lévon Msériantz}, 
booktitle = { Actes du onzième Congrès international des orientalistes, Paris 1897},
 volume ={ 1 } ,
 pages = {299-316 },
 url = {https://books.google.com/books?id=dw5BAQAAMAAJ}
}

@book{Adjarian-1911-DialectologyBook,
	author = { \zzzzzzzz{Աճառեան} , \zzzzzzzz{Հրաչեայ}} ,
	title = { \zzzzzzzz{Հայ Բարբառագիտութիւն} [{A}rmenian dialectology]},
	year= {1911},
	address = { \zzzzzzzz{Մոսկուա-Նոր-Նախիջեւան} },
	publisher = { \zzzzzzzz{Լազարեան Ճեմարան Արեւելեան Լեզուաց}} 
}

@book{Adjarian-1941-IstanbulDialect,
	title = { \zzzzzzzz{Քննություն պոլսահայ բարբառի} [{S}tudy of the {A}rmenian dialect {I}stanbul]},
	author={ \zzzzzzzz{Աճառյան, Հրաչյա}} ,
	year={1941},
	publisher={ \zzzzzzzz{Պետական Համալսարանի Հրատարակչություն} },
	address={ \zzzzzzzz{Երևան}}
}

 @article{Vlasyan-2019-Shamakhi,
 author = { Narine Vlasyan},
 year = {2019},
 month = {February},
 day = {9},
 title={Shamakhi: A Lost Dialect, a Lost Identity}, 
journal ={EVN Report},
 url = {https://evnreport.com/spotlight-karabakh/shamakhi-a-lost-dialect-a-lost-identity}, 
 note = {Accessed: Nov 1 2022},
}

@book{Gabrielian-1912-Akn,
 address = {\zzzzzzzz{Վիեննա}},
 author = {\zzzzzzzz{Գապրիէլիան, Մ. Ս}.},
 publisher = {\zzzzzzzz{Մխիթարեան Տպարան}},
 title = {\zzzzzzzz{Ակնայ գաւառաբարբառը} [{T}he {A}kn dialect]},
 year = {1912}
}

@book{Janigian-1895-Akn,
title = {\zzzzzzzz{Հնութիւնք {Ա}կնայ} [{A}ntigiques of {A}kn]}, 
author = {\zzzzzzzz{Ճանիկեան, Յովսէփ Կ}. },
publisher = {\zzzzzzzz{Տպարան Մ.Դ. Ռօտինեանցի} },
address = {\zzzzzzzz{Թիֆլիս}},
year = { 1895},
url = {https://books.google.com/books?id=VScOAAAAIAAJ }
}

@incollection{Adjarian-1899-ArmenianExplosives,
 title={Les explosives de l'ancien arménien étudiées dans les dialectes modernes},
 author={Adjarian, Hratchia},
 year={1899},
address = {Paris},
booktitle = {La Parole ou Revue internationale de Rhinologie, Otologie, Laryngologie et Phonétique expérimentale },
pages = { 119-127},
}

@book{DerGhazarian-DictionaryBorrowed,
title = {\zzzzzzzz{Հանրամատչելի բառարան օտարազգի բառերի եւ գործածութեան մէջ մտած մտքերի ու դարձւածքների} [{A} popular dictionary of foreign words and common phrases and expressions]}, 
author = {\zzzzzzzz{Ա. Տէր-Ղազարեան}},
publisher = {\zzzzzzzz{ԷՊՕԽԱ}},
address = { \zzzzzzzz{Թիֆլիս}} , 
year = {1908}
}

@book{Davtyan-1966-KarabakhDialectMap,
	title={\zzzzzzzz{Լեռնային Ղարաբաղի բարբառային քարտեզը} [{D}ialectal map of {M}ountainous {K}arabakh]},
	author={\zzzzzzzz{Դավթյան} , \zzzzzzzz{Կարո Ստեփանի}} ,
	year={1966},
	publisher={ \zzzzzzzz{Հայկական ՍՍՀ Գիտությունների Ակադեմիայի Հրատարակչություն} },
	address ={ \zzzzzzzz{Երևան}} 
} 


@book{Adjarian-1902-TUrkishWordsArmenian,
 title={\zzzzzzzz{Թուրքերէնէ փոխառեալ բառերը {Պ}օլսի հայ ժողովրդական լեզուին մէջ համեմատութեամբ {Վ}անի}, {\zzzzzzzz{Ղ}արաբաղի եւ {Ն}որ}-{\zzzzzzzz{Ն}ախիջեւանի բարբառներուն} [{T}urkish loanwords in the colloquial language of {I}stanbul {A}rmenians, in comparison with the dialects of {V}an, {K}arabagh, and {N}ew {N}akhichevan] },
 author={ \zzzzzzzz{Աճառեան}, {\zzzzzzzz{Հրաչեայ}} },
 address = {{\zzzzzzzz{Մոսկուա-Վաղարշապատ}}},
publisher = { \zzzzzzzz{Լազարեան Ճեմարան Արեւելեան Լեզուաց}} ,
series = { \zzzzzzzz{Էմինեան ազգագրական ժողովածու} },
 volume={3},
 year={1902}
}

 

@article{Dolatian-prep-Definite,
	title={An apparent case of outwardly-sensitive allomorphy in the {A}rmenian definite 
	},
	author={ Hossep Dolatian },
	year={2022},
doi = {10.16995/glossa.6406},
volume = {7} , 
number = {1}, 
	journal={Glossa: A journal of general linguistics}
}

@book{Adjarian-1901-Kharabagh,
 title={\zzzzzzzz{Քննություն Ղարաբաղի բարբառի} [{S}tudy of the dialect of {K}arabakh] },
 author={ \zzzzzzzz{Աճառեան}, {\zzzzzzzz{Հրաչեայ}} },
 address = {\zzzzzzzz{Վաղարշապատ}}, 
 publisher = {\zzzzzzzz{Տպարան Մայր Աթոռաց Ս Էջմիածնի}}, 
 year={1901}
}
@book{Sargsyan-2013-KarabakhDictionary,
title = { \zzzzzzzz{Ղարաբաղի բարբառի բառարան}}, 
author = {\zzzzzzzz{Սարգսյան, Արմեն Յուրիի} }, 
address = {\zzzzzzzz{Երևան}},
publisher = {\zzzzzzzz{Էդիթ Պրինտ}},
year = {2013}
}
@article{adjarian-1901-lautlehreVan,
 title={Lautlehre des {V}an-{D}ialekts},
 author={Adjarian, H},
 journal={Zeitschrift f{\"u}r armenische Philologie},
 volume={1},
 url = {https://archive.org/details/zeitschriftfrar00unkngoog/},
 pages={74–86, 121–138.},
 year={1901}
}

@book{manana, 
 title = {\zzzzzzzz{Մանանայ} [{M}anna] }, 
 author = {\zzzzzzzz{Գարեգին Սրուանձտեան} },
 year = {1876}, 
 address = {\zzzzzzzz{Պօլիս}}, 
 publisher= {\zzzzzzzz{Տպագրութիւն Ե. Մ. Տնտեսեան}}, 
 url = {https://digilib.aua.am/book/473/496/9656/\zzzzzzzz{Մանանայ}}
} 

@book{Adjarian-1979-Etymology,
	title={ \zzzzzzzz{Հայերէն արմատական բառարան} [{A}rmenian etymological dictionary]},
	author={\zzzzzzzz{Աճառյան, Հրաչյա} },
	year={1971},
	publisher={ \zzzzzzzz{Երեվանի Համալսարանի Հրատարչություն}},
	address = { \zzzzzzzz{Երևան}}
} 


@article{Katvalyan-2015-GenocideArmenianLanguage,
author = {\zzzzzzzz{Վիկտոր Կատվալյան} },
title = { \zzzzzzzz{Եղեռնը և հայոց լեզուն} [{T}he genocide and the {A}rmenian language]},
journal = { \zzzzzzzz{Բանբեր հայագիտության}} ,
address = { \zzzzzzzz{Երևան} }, 
volume = {1},
year = {2015},
pages = {103-113}
}


@phdthesis{Karapetian-2014-TeachArmenianEasternArmenianHeritage,
	title={"How Do I Teach My Kids My Broken {A}rmenian?": A Study of {E}astern {A}rmenian Heritage Language Speakers in {L}os {A}ngeles},
	author={Karapetian, Shushan},
	year={2014},
	school={University of California, Los Angeles}
}

@book{Kavassian-1983-CertainProblemMorphologyArmenianMontreal,
title = { Certains problèmes morphologiques de l'arménien parlé chez les immigrants arméniens de première et deuxième génération à {M}ontréal },
author = { Sossy Kavassian},
address = { Québec },
publisher = { Université Laval. Centre international de recherches sur le bilinguisme},
year = { 1983}
}


@incollection{Gharagyulyan-1981-ColloquialArmenian,
	author={ \zzzzzzzz{Ղարագյուլյան, Թերեզա} },
	pages = {3-125},
	title = { \zzzzzzzz{Ակնարկներ ժամանակակից հայերեն խոսակցական լեզվի} [{O}bservations on modern colloquial {A}rmenian]},
	crossref = {Aghayan-1981-ColloquialArmenian},
	booktitle = { \zzzzzzzz{Ժամանակակից հայերենի խոսակցական լեզուն} [{M}odern colloquial {A}rmenian]},
}
@incollection{Zakaryan-1981-ColloquialArmenian,
	author={ \zzzzzzzz{Զաքարյան} , \zzzzzzzz{Հովհաննես}} ,
	pages = {120-278},
	title = { \zzzzzzzz{Հայերենի հասարակական տարբերակումը Երևանում} [{S}ocial differentiation of {A}rmenian in {Y}erevan]},
	crossref = {Aghayan-1981-ColloquialArmenian},
	booktitle = { \zzzzzzzz{Ժամանակակից հայերենի խոսակցական լեզուն} [{M}odern colloquial {A}rmenian]},
}
@book{Aghayan-1981-ColloquialArmenian,
	title = { \zzzzzzzz{Ժամանակակից հայերենի խոսակցական լեզուն} [{M}odern colloquial {A}rmenian]},
	year = {1981},
	address = { \zzzzzzzz{Երևան} },
	publisher = { \zzzzzzzz{Հայկական ՍՍՀ Գիտությունների Ակադեմիա}} ,
	editor = { \zzzzzzzz{Աղայան} , \zzzzzzzz{Էդուարդ Բագրատի}} 
}

@incollection{donabedian-2001-tabouLinguisticArmenianOccidentalGorProgressive,
	title={Tabou linguistique en arm{é}nien occidental: `gor' progressif est-il `turc’?},
	author={Donabédian, Anaïd},
	booktitle={Langues de diaspora, languages en contact. Faits de langue 18},
	publisher={Ophrys},
	address={Paris},
	editor={Donabédian, Anaïd},
	pages={201--210},
	year={2001}
}


@incollection{Donabedian-2018-WestArmTypoSocio,
	title={Middle East and Beyond - {W}estern {A}rmenian at the crossroads: A sociolinguistic and typological sketch},
	author={Donabédian, Anaïd},
	year={2018},
	pages={89-148},
	booktitle={Linguistic minorities in Turkey and Turkic-speaking minorities of the periphery},
	editor={Christiane Bulut},
	publisher={Harrassowitz Verlag},
	address={Wiesbaden}
} 

@book{Adjarian-1909-ClassificationArmenianDialect,
	title={Classification des dialectes arm{é}niens},
	author={Adjarian, Hrachia},
	year={1909},
	publisher={ Librairie Honoré Champion},
	address={Paris},
url = {https://archive.org/details/bibliothquedel173ecol/page/n7/mode/2up}, 
	
}

@phdthesis{Macak-2016-StudiesClassicalModernArmenianPhono,
	title={Studies in {C}lassical and {M}odern {A}rmenian Phonology},
	author={Macak, Martin Jakub},
	year={2016},
	school={University of Georgia}
}


@unpublished{Dolatian-prep-Schwa,
	title={Isomorphism between orthography and underlying forms in the syllabification of the {A}rmenian schwa 
	},
	author={ Hossep Dolatian },
	year={forthcoming},
	note={Phonological Data and Analysis}
}
@book{khatabala, 
 title = {}, 
 author = {{\zzzzzzzz{Խաթաբալայ} [{K}hatabala]} }, 
 year = {1906-1916, 1922, 1925, 1926}, 
 address = {\zzzzzzzz{Թիֆլիս} [Tbilisi]}, 
 url = {http://tert.nla.am/mamul/xatabala-1906/NASLib.html}
} 

@incollection{Martirosyan-2019-Armeniandialects,
	title={ The {A}rmenian dialects},
	author={Martirosyan, Hrach},
	booktitle={The Languages and Linguistics of Western Asia: An Areal Perspective},
	volume={6},
	pages={46-105},
	year={2019},
	editor={Haig, Geoffrey and Khan, Geoffrey},
	publisher={Walter de Gruyter },
	address={Berlin/Boston}
}

@article{kellyKeshishian-2021-VoicingWesternArmenian,
	title={Voicing patterns in stops among heritage speakers of {W}estern {A}rmenian in {L}ebanon and the {U}S},
	author={Kelly, Niamh E and Keshishian, Lara},
	journal={Nordic Journal of Linguistics},
	pages={1--27},
	doi ={10.1017/S0332586521000093},
	year={2021},
	publisher={Cambridge University Press}
}


@book{hayeliTiflis, 
 title = {}, 
 author = {{\zzzzzzzz{Հայելի} [{M}irror]} }, 
 year = {1906-1907}, 
 address = {\zzzzzzzz{Թիֆլիս} [Tbilisi]}, 
 url = {http://tert.nla.am/mamul/Haeli1/Table.html}
} 

@book{ArevelyanMamul, 
 title = {}, 
 author = {{\zzzzzzzz{Արեւելեան մամուլ} [{E}astern Press]} }, 
 year = {1882-1908}, 
 address = {\zzzzzzzz{Զմիւռնիա} [Smyrna/Izmir]}, 
 url = {https://tert.nla.am/mamul/Arevelean_mamul_1/Table.html}
} 
@book{Byurakn, 
 title = {}, 
 author = {{\zzzzzzzz{Բիւրակն} [{B}yurakn]} }, 
 year = {1882-1908}, 
 address = {\zzzzzzzz{Պօլիս} [Istanbul]}, 
 url = {http://tert.nla.am/mamul/Byurakn/Table.html}
} 
@book{HandesAmsorya, 
 title = {}, 
 author = {{\zzzzzzzz{Հանդէս Ամսօրեա} [Monthly Review]} }, 
 year = {1887-present}, 
 url = {http://tert.nla.am/mamul/Handesamsorya/Table.html}
} 

@book{KazandjianBook,
title = {\zzzzzzzz{Եւդոկիոյ հայոց գաւառաբարբառը} [{T}he provinceal dialect of the {A}rmenians of {E}vdokia]}, 
author = {\zzzzzzzz{Գազանճեան, Յովհաննէս}},
address = {\zzzzzzzz{Վիեննա}}, 
year = {1899},
publisher = {\zzzzzzzz{Մխիթարեան տպարան}}, 
url = {https://eap.bl.uk/archive-file/EAP180-1-3-306}
}

@book{Kosian-smyrna,
author = { \zzzzzzzz{Յակոբ Քօսեան}},
title = { \zzzzzzzz{Հայք ի {Զ}միւռնիա եւ ի շրջակայս} [{A}rmenians in {S}myrna and its surroundings]},
year= { 1899},
address = { \zzzzzzzz{Վիեննա}} ,
url = {http://serials.flib.sci.am/openreader/Zmyur_1899/book/content.html}, 
publisher = { \zzzzzzzz{Մխիթարեան տպարան}}
}




@book{Eminian, 
 title = {}, 
 author = {{\zzzzzzzz{էմինեան ազգագրական ժողովածու} [{E}minian {E}thnographic {J}ournal} }, 
 year = {1901-1913},
 address = {\zzzzzzzz{Մոսկվա} [Moscow]}, 
 url = {https://www.flib.sci.am/journal/eminian/Main.html}
} 
@book{DavitBekArabgir, 
 title = {\zzzzzzzz{Արաբկիրի գաւառաբարբառը} [{T}he provincial dialect of {A}rabgir]}, 
 author = {\zzzzzzzz{Դաւիթ-Բէկ, Մէլիք Ս}․}, 
 year = {1901-1913},
 url = {https://www.flib.sci.am/journal/eminian/Main.html}
} 

 

@book{Boyacioglu-2010-HayPayVerbsArmenianOccidentalWestArmenian,
	title={ Hay-{P}ay: Les Verbs de l'arménien occidental},
	author={Boyacioglu, Nisan},
	year={2010},
	publisher={ L'Asiatheque},
	address={ Paris}
}


@book{Karst-1901-MiddleArmenain,
	title={ Historische {G}rammatik des {K}ilikisch-{A}rmenischen [{G}rammar of
	{C}ilician {A}rmenian] },
	author={Karst, Josef},
	year={1901},
	publisher={Verlag von Karl Tr\"{u}bner}, 
	address = {Strassburg}
} 


@unpublished{DolatianEtAl-prep-IranianGrammar,
	title={Grammar of {I}ranian {A}rmenian: {P}arskahayeren or {I}ranahayeren},
	author={Hossep Dolatian and Afsheen Sharifzadeh and Bert Vaux },
	note={Ms. Stony Brook University},
	year={in review}
}


@book{Adjarian-1952-Liakatar4Book1AdjNumeral,
	title={ \zzzzzzzz{Լիակատար քերականություն Հայոց լեզվի} [{C}omplete Grammar of the {A}rmenian Language]},
	author={ \zzzzzzzz{Աճառյան} , \zzzzzzzz{Հրաչյա}} ,
	volume={1},
	year={1952},
	publisher={ \zzzzzzzz{Հայկական ՍՍՀ Գիտությունների Ակադեմիա Հրատարակչություն}} ,
	address ={ \zzzzzzzz{Երևան}} 
 }

@book{Bazmaveb, 
 title = {}, 
 author = {{\zzzzzzzz{Բազմավէպ} [Bazmavep]} }, 
 year = {1843-present}, 
 address = { \zzzzzzzz{Վենետիկ} [Venice]}, 
 url = {http://tert.nla.am/mamul/Bazmavep/Table.html}
} 

@book{Luys-NorNakhichevan, 
 title = {}, 
 author = {{\zzzzzzzz{Լոյս} [Light]} }, 
 year = { 1910-1914}, 
 address = { \zzzzzzzz{Նոր Նախիջեւան} [New Nakhichevan]}, 
url = {https://tert.nla.am/mamul/luys-1910/NLA/List.html}
} 


@book{NorGyank-NorNakhichevan, 
 title = {}, 
 author = {{\zzzzzzzz{Նոր կեանք} [New life]} }, 
 year = { 1907 }, 
 address = { \zzzzzzzz{Նոր Նախիջեւան} [New Nakhichevan]}, 
url = {https://etchmiadzinlibrary.am/images/Magazin/Norr kyanq.html} } 



@book{Thomson-1989-IntroClassicalArmenian,
	title={An introduction to {C}lassical {A}rmenian},
	author={Thomson, Robert W},
	year={1989},
	publisher={Caravan Books},
	address={Delmar, NY}
} 
@book{Godel-1975-IntroClassicalArmenian,
	title={An introduction to the study of {C}lassical {A}rmenian},
	author={Godel, Robert},
	year={1975},
	publisher={Reichert Wiesbaden},
	address={Wiesbaden}
}

@incollection{Macak-2017-PhonoClassicalArmenian,
	Title = {The phonology of {C}lassical {A}rmenian},
	author ={Macak, Martin Jakub},
	pages = {1037-1079},
	doi={10.1515/9783110523874-016},
	booktitle={Handbook of Comparative and Historical Indo-European Linguistics},
	crossref={KleinJosephFritz-2017-HandbookComparativeHistoricalIndoEuropeanLinguistics}
	
}



@book{Grammont-Saussure,
title = {Mélanges de linguistique offerts à M. {F}erdinand de {S}aussure },
address = { Paris },
publisher = {Champion }, 
year = {1908},
author = {Grammont, Maurice}
}

@article{Adjarian-Aslanbeg,
author = { \zzzzzzzz{Աճառեան, Հրաչեայ Յ}.}, 
title = { \zzzzzzzz{Քննութիւն {Ա}սլանբէգի բարբառին} [{S}tudy of the {A}slanbeg dialect]},
journal = {\zzzzzzzz{Բազմավէպ}},
url = {https://arar.sci.am/dlibra/publication/164854/edition/149934
},
year = { 1898},
volume = {56},
number = {1}, 
pages = {31-35}

}
 

@book{Finck-1907-SpracheRomani,
 title={Die {S}prache der {a}rmenischen {Z}igeuner},
 author={Finck, Franz Nikolaus},
 year={1907},
 publisher={Acad. Imp{\'e}riale des Sciences},
 address = { St. Petersburg}
}


@inproceedings{braun-2013-earlyCaseVOTAdjarian,
	title={An early case of ``{VOT}''},
	author={Braun, Angelika},
	doi = {10.21437/Interspeech.2013-50},
	booktitle={Interspeech},
	pages={119--122},
	year={2013}
}

@book{KleinJosephFritz-2017-HandbookComparativeHistoricalIndoEuropeanLinguistics,
	title={Handbook of Comparative and Historical {I}ndo-{E}uropean Linguistics},
	editor={Klein, Jared S and Joseph, Brian D and Fritz, Matthias},
	year={2017},
	address={Berlin/Boston},
	publisher={Walter de Gruyter }
}
