@book{langsci-current-book, author = {Hossep Dolatian}, title = {{Translation and commentary on Adjarian 1911 `Armenian dialectology'}}, year = {2023}, series = {}, number = {}, location = {Berlin}, publisher = {Language Science Press}, options = {dataonly=true} } 
